@article{hybrid,
    author =  "Gyanappa A. Walikar Rajashekar C. Biradar",
    title = "A survey on hybrid routing mechanisms in mobile ad hoc networks",
    journal =     "Journal of Network and Computer Applications",
    volume =       "77",
    number =       "1",
    pages =        "48--63",
    year =         "2016",
    DOI =       "https://doi.org/10.1016/j.jnca.2016.10.014"
}

@article{unicast1,
    author =  "Mladen Đuro Veinović",
    title = "Comparative analysis of unicast routing protocols in MANET networks",
    journal =     "Synthesis",
    year =         "2015",
    DOI =       "https://doi.org/10.15308/Synthesis-2015-112-115"
}

@article{unicast2,
    author =  "T. Hamma T. Katoh B.B. Bista T. Takata",
    title = "An Efficient ZHLS Routing Protocol for Mobile Ad Hoc Networks",
    journal =     "International Workshop on Database and Expert Systems Applications",
    year =         "2006",
    DOI =       "https://doi.org/10.1109/DEXA.2006.24"
}

@article{unicast3,
    author =  "Roberto Beraldi,  Roberto Baldoni",
    title = "Unicast Routing Techniques for Mobile Ad Hoc Networks",
    year =         "2003",
    DOI =       "https://doi.org/10.1201/9781420040401.ch7"
}

@article{wu2004ad,
  title={Ad hoc networks},
  author={Wu, Jie and Stojmenovic, Ivan},
  journal={Computer},
  volume={37},
  number={2},
  pages={29--31},
  year={2004},
  publisher={IEEE}
}

@article{ramanathan2002brief,
  title={A brief overview of ad hoc networks: challenges and directions},
  author={Ramanathan, Ram and Redi, Jason},
  journal={IEEE communications Magazine},
  volume={40},
  number={5},
  pages={20--22},
  year={2002},
  publisher={IEEE}
}

@book{mohapatra2004ad,
  title={AD HOC NETWORKS: technologies and protocols},
  author={Mohapatra, Prasant and Krishnamurthy, Srikanth},
  year={2004},
  publisher={Springer Science \& Business Media}
}

@article{abd2009performance,
  title={Performance comparison of AODV, DSDV and I-DSDV routing protocols in mobile ad hoc networks},
  author={Abd Rahman, Abdul Hadi and Zukarnain, Zuriati Ahmad},
  journal={European Journal of Scientific Research},
  volume={31},
  number={4},
  pages={556--576},
  year={2009},
  publisher={Citeseer}
}

@article{clausen2003optimized,
  title={Optimized link state routing protocol (OLSR)},
  author={Clausen, Thomas and Jacquet, Philippe and Adjih, C{\'e}dric and Laouiti, Anis and Minet, Pascale and Muhlethaler, Paul and Qayyum, Amir and Viennot, Laurent},
  year={2003}
}

@misc{clausen2003rfc3626,
  title={Rfc3626: Optimized link state routing protocol (olsr)},
  author={Clausen, Thomas and Jacquet, Philippe},
  year={2003},
  publisher={RFC Editor}
}

@inproceedings{sathish2011comparative,
  title={Comparative analysis of DSR, FSR and ZRP routing protocols in MANET},
  author={Sathish, S and Thangavel, K and Boopathi, S},
  booktitle={International Conference on Information and Network Technology IPCSIT vol},
  volume={4},
  year={2011}
}

@inproceedings{chakeres2004aodv,
  title={AODV routing protocol implementation design},
  author={Chakeres, Ian D and Belding-Royer, Elizabeth M},
  booktitle={24th International Conference on Distributed Computing Systems Workshops, 2004. Proceedings.},
  pages={698--703},
  year={2004},
  organization={IEEE}
}
@inproceedings{royer2000implementation,
  title={An implementation study of the AODV routing protocol},
  author={Royer, Elizabeth M and Perkins, Charles E},
  booktitle={2000 IEEE Wireless Communications and Networking Conference. Conference Record (Cat. No. 00TH8540)},
  volume={3},
  pages={1003--1008},
  year={2000},
  organization={IEEE}
}

@article{usop2009performance,
  title={Performance evaluation of AODV, DSDV \& DSR routing protocol in grid environment},
  author={Usop, Nor Surayati Mohamad and Abdullah, Azizol and Abidin, Ahmad Faisal Amri and others},
  journal={IJCSNS International Journal of Computer Science and Network Security},
  volume={9},
  number={7},
  pages={261--268},
  year={2009}
}
@article{johnson2001dsr,
  title={DSR: The dynamic source routing protocol for multi-hop wireless ad hoc networks},
  author={Johnson, David B and Maltz, David A and Broch, Josh and others},
  journal={Ad hoc networking},
  volume={5},
  number={1},
  pages={139--172},
  year={2001}
}

@article{beijar2002zone,
  title={Zone routing protocol (ZRP)},
  author={Beijar, Nicklas},
  journal={Networking Laboratory, Helsinki University of Technology, Finland},
  volume={9},
  pages={1--12},
  year={2002},
  publisher={Citeseer}
}

@article{joa1999peer,
  title={A peer-to-peer zone-based two-level link state routing for mobile ad hoc networks},
  author={Joa-Ng, Mario and Lu, I-Tai},
  journal={IEEE Journal on selected areas in communications},
  volume={17},
  number={8},
  pages={1415--1425},
  year={1999},
  publisher={IEEE}
}

@article{garg2012review,
  title={A review of routing protocols in mobile ad hoc networks},
  author={Garg, Naveen and Aswal, Kiran and Dobhal, Dinesh C},
  journal={International Journal of Information Technology and Knowledge Management January-June},
  volume={5},
  pages={177--180},
  year={2012}
}
@article{bansal2011performance,
  title={Performance Analysis of ZHLS-GF Routing Protocol for MANETs through simulations},
  author={Bansal, Arpit and Kaur, Navjot and Khullar, Sunil and Bedi, RPS},
  journal={Research Cell: An International Journal of Engineering Sciences ISSN},
  pages={2229--6913},
  year={2011},
  publisher={Citeseer}
}

@inproceedings{kamidate2007fault,
  title={Fault-tolerant ZHLS routing protocol for wireless mobile ad hoc network},
  author={Kamidate, Satoshi and Katoh, Takashi and Bista, Bhed Bahadur and Takata, Toyoo},
  booktitle={Proceedings of the 7th WSEAS International Conference on Multimedia, Internet \& Video Technologies},
  year={2007},
  organization={Citeseer}
}

@article{junhai2008research,
  title={Research on multicast routing protocols for mobile ad-hoc networks},
  author={Junhai, Luo and Liu, Xue and Danxia, Ye},
  journal={Computer Networks},
  volume={52},
  number={5},
  pages={988--997},
  year={2008},
  publisher={Elsevier}
}

@article{junhai2009survey,
  title={A survey of multicast routing protocols for mobile ad-hoc networks},
  author={Junhai, Luo and Danxia, Ye and Liu, Xue and Mingyu, Fan},
  journal={IEEE communications surveys \& tutorials},
  volume={11},
  number={1},
  pages={78--91},
  year={2009},
  publisher={IEEE}
}

@article{chow2008multiple,
  title={Multiple tree multicast ad hoc on-demand distance vector (mt-maodv) routing protocol for video multicast over mobile ad hoc networks},
  author={Chow, Chee-Onn and Ishii, Hiroshi},
  journal={IEICE transactions on communications},
  volume={91},
  number={2},
  pages={428--436},
  year={2008},
  publisher={The Institute of Electronics, Information and Communication Engineers}
}

@misc{Bittium,
  title = {{Bittium Website} Kernel Description},
  howpublished = {\url{https://www.bittium.com}},
  note = {Accessed: 2021-07-23}
}

@misc{WinNT,
  title = {{MS Windows NT} Kernel Description},
  howpublished = {\url{https://www.hytera.com}},
  note = {Accessed: 2021-07-23}
}

@misc{Hytera-Finance,
  title = {Hytera Finance},
  howpublished = {\url{https://www.wsj.com/market-data/quotes/CN/002583/financials}},
  note = {Accessed: 2021-07-23}
}

@INPROCEEDINGS{796947,

  author={Sung-Ju Lee and Gerla, M. and Ching-Chuan Chiang},

  booktitle={WCNC. 1999 IEEE Wireless Communications and Networking Conference (Cat. No.99TH8466)}, 

  title={On-demand multicast routing protocol}, 

  year={1999},

  volume={3},

  number={},

  pages={1298-1302 vol.3},

  doi={10.1109/WCNC.1999.796947}}

